@article{alba1997,
  author = {Alba, R. and Nee, V.},
  title = {Rethinking assimilation theory for a new era of immigration},
  journal = {International Migration Review},
  volume = {31},
  number = {4},
  pages = {826--874},
  year = {1997}
}

@article{allen2007,
  title = {What should an index of school segregation measure?},
  volume = {33},
  ISSN = {1465-3915},
  url = {http://dx.doi.org/10.1080/03054980701366306},
  DOI = {10.1080/03054980701366306},
  number = {5},
  journal = {Oxford Review of Education},
  publisher = {Informa UK Limited},
  author = {Allen,  Rebecca and Vignoles,  Anna},
  year = {2007},
  month = nov,
  pages = {643–668}
}

@book{allport1954,
  author = {Allport, G.W.},
  title = {The nature of prejudice},
  edition = {1st},
  year = {1954},
  publisher = {Addison-Wesley Pub. Co},
  address = {Cambridge, Mass.}
}

@article{andersen2019,
  title={Reducing Minority Discrimination at the Front Line—Combined Survey and Field Experimental Evidence},
  author={Andersen, S. C. and Guul, T. S.},
  journal={Journal of Public Administration Research and Theory},
  volume={29},
  number={3},
  pages={429--444},
  year={2019},
  doi={10.1093/jopart/muy083}
}

@book{andersen2019a,
  title={Ethnic spatial segregation in European cities},
  author={Andersen, H. S.},
  year={2019},
  publisher={Routledge}
}

@article{andersson2021,
  author = {Andersson, H. and Dehdari, S. H.},
  title = {Workplace contact and support for anti-immigration parties},
  journal = {American Political Science Review},
  volume = {115},
  number = {4},
  pages = {1159--1174},
  year = {2021}
}

@article{bell1954,
  title = {A Probability Model for the Measurement of Ecological Segregation},
  volume = {32},
  ISSN = {1534-7605},
  url = {http://dx.doi.org/10.2307/2574118},
  DOI = {10.2307/2574118},
  number = {4},
  journal = {Social Forces},
  publisher = {Oxford University Press (OUP)},
  author = {Bell, W.},
  year = {1954},
  month = {may},
  pages = {357–364}
}

@article{bjerre-nielsen2020,
  title={Attendance Boundary Policies and the Limits to Combating School Segregation},
  author={Bjerre-Nielsen, A. and Gandil, M. H.},
  year={2020},
  eprint={3g2u6},
  archivePrefix={osf},
  primaryClass={soc},
  note={Preprint}
}

@book{blau1994,
  author = {Blau, P.M.},
  title = {Structural contexts of opportunities},
  year = {1994},
  publisher = {University of Chicago Press},
  address = {Chicago}
}

@book{blau1997,
  title = {Crosscutting Social Circles: Testing a Macrostructural Theory of Intergroup Relations},
  ISBN = {9781351313049},
  url = {http://dx.doi.org/10.4324/9781351313049},
  DOI = {10.4324/9781351313049},
  publisher = {Routledge},
  author = {Blau,  P.M. and Schwartz,  J.E.},
  year = {1997},
  month = jan
}

@article{blau1974,
  author = {Blau, P.M.},
  title = {Presidential address: Parameters of social structure},
  journal = {American Sociological Review},
  pages = {615--635},
  year = {1974}
}

@article{blau1984a,
  author = {Blau, P.M. and Beeker, C. and Fitzpatrick, K.M.},
  title = {Intersecting social affiliations and intermarriage},
  journal = {Social Forces},
  volume = {62},
  number = {3},
  pages = {585--606},
  year = {1984}
}

@book{blau1984b,
  author = {Blau, P.M. and Schwartz, J.E.},
  title = {Crosscutting Social Circles. Testing a Macrostructural Theory of Intergroup Relations},
  year = {1984},
  publisher = {Academic Press},
  address = {New York}
}

@book{breidahl2021,
  author = {Breidahl, K. N. and Hedegaard, T. F. and Kongshøj, K. and Larsen, C. A.},
  title = {Migrants' Attitudes and the Welfare State: The Danish Melting Pot},
  year = {2021},
  publisher = {Edward Elgar Publishing},
  doi = {10.4337/9781800376342},
  url = {https://doi.org/10.4337/9781800376342}
}

@article{boterman2019,
  title={School segregation in contemporary cities: Socio-spatial dynamics, institutional context and urban outcomes},
  author={Boterman, W. and Musterd, S. and Pacchi, C. and Ranci, C.},
  journal={Urban Studies},
  volume={56},
  number={15},
  pages={3055--3073},
  year={2019},
  doi={10.1177/0042098019868377}
}

@article{bunar2010,
  title={The Geographies of Education and Relationships in a Multicultural City: Enrolling in High-Poverty, Low-Performing Urban Schools and Choosing to Stay There},
  author={Bunar, N.},
  journal={Acta Sociologica},
  volume={53},
  number={2},
  pages={141--159},
  year={2010},
  doi={10.1177/0001699310365732}
}

@article{butler2007,
  title={The Geography of Education: Introduction},
  author={Butler, T. and Hamnett, C.},
  journal={Urban Studies},
  volume={44},
  number={7},
  pages={1161--1174},
  year={2007},
  doi={10.1080/00420980701329174}
}

@article{calarsen2024,
  author  = "C. A. Larsen",
  title   = "Do Numbers Matter? Exploring the Relationship Between Diaspora Size and Friendship Composition of Non-Western Immigrants and Descendants in Denmark",
  year    = 2024
}

@article{carrington1997,
  title = {On Measuring Segregation in Samples With Small Units},
  volume = {15},
  ISSN = {1537-2707},
  url = {http://dx.doi.org/10.1080/07350015.1997.10524718},
  DOI = {10.1080/07350015.1997.10524718},
  number = {4},
  journal = {Journal of Business &amp; Economic Statistics},
  publisher = {Informa UK Limited},
  author = {Carrington,  William J. and Troske,  Kenneth R.},
  year = {1997},
  month = oct,
  pages = {402–409}
}

@book{damm2006,
  author = {Damm, A. P. and Schultz-Nielsen, Marie-Louise and Tranæs, Torben},
  title = {En befolkning deler sig op?},
  year = {2006},
  publisher = {Gyldendal}
}

@book{damm2022,
  author = {Damm, A. P. and Hassani, A. and Tranæs, T. and Schultz-Nielsen, M. L.},
  title = {Bosætning i Danmark: i et 35-årigt perspektiv},
  year = {2022},
  publisher = {Syddansk Universitetsforlag}
}

@misc{diopchristensen2023,
  author = {Diop-Christensen, L. E. and Diop-Christensen, A. and Larsen, C. A.},
  title = {Workplace contact and Scepticism Towards Immigration},
  year = {under udgivelse}
}

@article{diopchristensen2024,
  author = {Diop-Christensen, L. E. and Larsen, C. A.},
  title = {Working together or apart? Exposure between natives and migrants at Danish workplaces from 1996 to 2019},
  journal = {Journal of Ethnic and Migration Studies},
  year = {2024}
}

@article{diopchristensen2024b,
  author = {Diop-Christensen, L. E. and Hedegaard, T. F. and Diop-Christensen, A.},
  title = {Is employment enough? Exposure to natives at work and immigrants’ cultural assimilation},
  journal = {Acta Sociologica},
  year = {2024}
}

@article{duncan1955,
  author = {Duncan, Otis Dudley and Duncan, Beverly},
  title = {A Methodological Analysis of Segregation Indexes},
  journal = {American Sociological Review},
  volume = {20},
  number = {2},
  pages = {210--217},
  year = {1955},
  doi = {10.2307/2088328},
  url = {https://www.jstor.org/stable/2088328}
}


@book{epinion2017,
  author = {{Epinion}},
  title = {Frit skolevalg—Hovedrapport},
  year = {2017},
  publisher = {Undervisningsministeriet}
}

@article{farley1984,
  author = {Farley, John E.},
  title ={P* Segregation Indices: What Can They Tell Us about Housing Segregation in 1980?},
  journal = {Urban Studies},
  volume = {21},
  number = {3},
  pages = {331-336},
  year = {1984},
  doi = {10.1080/00420988420080591}
}

@article{frankel2011,
  title = {Measuring school segregation},
  volume = {146},
  ISSN = {0022-0531},
  url = {http://dx.doi.org/10.1016/j.jet.2010.10.008},
  DOI = {10.1016/j.jet.2010.10.008},
  number = {1},
  journal = {Journal of Economic Theory},
  publisher = {Elsevier BV},
  author = {Frankel,  David M. and Volij,  Oscar},
  year = {2011},
  month = jan,
  pages = {1–38}
}

@article{fossett2017,
  title={New Methods for Measuring and Analyzing Segregation},
  author={Fossett, M.},
  year={2017},
  publisher={Springer International Publishing},
  doi={10.1007/978-3-319-41304-4}
}

@incollection{forbes2004,
  author = {Forbes, H.D.},
  title = {Ethnic conflict and the contact hypothesis},
  booktitle = {The psychology of ethnic and cultural conflict},
  pages = {69--88},
  year = {2004}
}

@article{glitz2014,
  author = {Glitz, A.},
  title = {Ethnic segregation in Germany},
  journal = {Labour Economics},
  volume = {29},
  pages = {28--40},
  year = {2014}
}

@article{gorard2002,
  title = {What is Segregation?: A Comparison of Measures in Terms of ‘Strong’ and ‘Weak’ Compositional Invariance},
  volume = {36},
  ISSN = {1469-8684},
  url = {http://dx.doi.org/10.1177/003803850203600405},
  DOI = {10.1177/003803850203600405},
  number = {4},
  journal = {Sociology},
  publisher = {SAGE Publications},
  author = {Gorard,  Stephen and Taylor,  Chris},
  year = {2002},
  month = nov,
  pages = {875–895}
}

@book{gordon1964,
  author = {Gordon, M.M.},
  title = {Assimilation in American life: The role of race, religion, and national origins},
  year = {1964},
  publisher = {Oxford University Press},
  address = {New York}
}

@article{harris2017,
  author  = {Harris, Richard},
  title   = {Measuring the scales of segregation: looking at the residential separation of White British and other schoolchildren in England using a multilevel index of dissimilarity},
  journal = {Transactions of the Institute of British Geographers},
  year    = {2017},
  volume  = {42},
  number  = {3},
  pages   = {432--444},
  url     = {https://www.jstor.org/stable/45147105}
}

@article{hassan2022,
  title={Do refugee children impair the academic performance of native children in the school? Informative null results from Danish Register Data},
  author={Hassan, S. and Hvidtfeldt, C. and Andersen, L. H. and Udsen, R. O.},
  journal={European Sociological Review},
  volume={39},
  number={3},
  pages={352--365},
  year={2022},
  doi={10.1093/esr/jcac059}
}

@article{hermansen2015,
  title={The Impact of Immigrant Classmates on Educational Outcomes},
  author={Hermansen, A. S. and Birkelund, G. E.},
  journal={Social Forces},
  volume={94},
  number={2},
  pages={615--646},
  year={2015},
  doi={10.1093/sf/sov073}
}

@article{james1985,
  title = {Measures of Segregation},
  volume = {15},
  ISSN = {0081-1750},
  url = {http://dx.doi.org/10.2307/270845},
  DOI = {10.2307/270845},
  journal = {Sociological Methodology},
  publisher = {JSTOR},
  author = {James,  David R. and Taeuber,  Karl E.},
  year = {1985}
}

@article{jensen2018,
  author = {Jensen, S. V.},
  title = {Difference and closeness: Young children’s peer interactions and peer relations in school},
  journal = {Childhood},
  volume = {25},
  number = {4},
  pages = {501--515},
  year = {2018}
}

@book{joel2022,
  title={Fællesskaberen},
  author={Jens Joel},
  year={2002},
  publisher={Forlaget Riisvangen},
  isbn = {978-87-973717-0-1}
}

@book{jorgensen2024,
  author = {Jørgensen, A. B.},
  title = {Immigrant integration into associational life in Western Europe},
  year = {2024},
  note = {PhD-afhandling},
  publisher = {Aalborg Universitet}
}

@incollection{jorgensen2023,
  author = {Jørgensen, A. B. and Qvist, H.-P. Y.},
  title = {Indvandreres integration i den frivillige sektor},
  booktitle = {Gør frivilligt arbejde samfundet bedre?},
  editor = {T. P. Boje and H. H. Espersen and T. Fridberg and L. S. Henriksen and B. Ibsen},
  year = {2023},
  publisher = {Nyt fra Samfundsvidenskaberne}
}

@article{kokkonen2015,
  author = {Kokkonen, A. and Esaiasson, P. and Gilljam, M.},
  title = {Diverse workplaces and interethnic friendship formation—A multilevel comparison across 21 OECD countries},
  journal = {Journal of Ethnic and Migration Studies},
  volume = {41},
  number = {2},
  pages = {284--305},
  year = {2015}
}

@article{portes1993,
  author = {Portes, A. and Zhou, M.},
  title = {The new second generation: Segmented assimilation and its variants},
  journal = {The Annals of the American Academy of Political and Social Science},
  volume = {530},
  number = {1},
  pages = {74--96},
  year = {1993}
}

@article{kalmijn1998,
  author = {Kalmijn, M.},
  title = {Intermarriage and homogamy: Causes, patterns, trends},
  journal = {Annual Review of Sociology},
  pages = {395--421},
  year = {1998}
}

@article{karsten2003,
  title={School Choice and Ethnic Segregation},
  author={Karsten, S. and Ledoux, G. and Roeleveld, J. and Felix, C. and Elshof, D.},
  journal={Educational Policy},
  volume={17},
  number={4},
  pages={452--477},
  year={2003},
  doi={10.1177/0895904803254963}
}

@article{kruse2019,
  title={More Than a Sorting Machine: Ethnic Boundary Making in a Stratified School System},
  author={Kruse, H. and Kroneberg, C.},
  journal={American Journal of Sociology},
  volume={125},
  number={2},
  pages={431--484},
  year={2019}
}

@book{kruse2017,
  author = {Kruse, H.},
  title = {Close Neighbors, Separate Lives},
  year = {2017},
  publisher = {University of Mannheim}
}

@article{landsbyggefonden2020,
  title={Beboere i den almene boligsektor 2020 - Statistik},
  author={Landsbyggefonden},
  year={2020}
}

@article{larsen2013,
  author = {Larsen, C. A. and Ringgaard, M. and Kantharooban, P. and Senthilnathan, A. A. and Johansen, T. S. and Holbøll, J. L.},
  title = {Når hudfarven forsvinder: Hvordan etnisk blandede folkeskoler skaber tillid til indvandrere},
  journal = {Dansk Sociologi},
  volume = {24},
  number = {2},
  year = {2013}
}

@book{larsen2016,
  author = {Larsen, C.A.},
  title = {Den danske republik: Forandringer i danskernes nationale forestillinger},
  year = {2016},
  publisher = {Hans Reitzel},
  address = {København}
}

@book{larsen2024a,
  title={Majority and Minority Exposure in Childhood: Studies of ethnic segregation in early life in Denmark and its consequences},
  author={Larsen, J. F.},
  year={2024},
  publisher={Aalborg Universitetsforlag}
}

@book{larsen2024b,
  title={Structured school choice: Ethnic school segregation as a byproduct of residential segregation},
  author={Larsen, J. F.},
  year={2024},
  note={Under review at an international peer-reviewed journal}
}

@incollection{larsen2024c,
  author = {Larsen, J. F.},
  year = {2024},
  title = {Residential Mobility Among Children of Native-Born Danes and Children of Migrants: Timing, Relative Risks, and Residential Sorting},
  booktitle = {Migrant Youth Mobility in Europe: Patterns, Processes and Consequences},
  editor = {de Valk, Helga A. G.},
  publisher = {Springer},
  note = {Forthcoming}
}

@misc{larsen2024d,
  author = {Larsen, C. A.},
  title = {Do Numbers Matter? Exploring the Relationship Between Diaspora Size and Friendship Composition of Non-Western Immigrants and Descendants in Denmark},
  year = {2024}
}

@article{larsen2023,
  author  = "J. F. Larsen and C. A. Larsen",
  title   = "Integration through Crossing Circles: Natives’ opportunity pools and diversification of friendships in a transforming Europe",
  journal = "Journal of Ethnic and Migration Studies",
  year    = 2023
}

@article{larsenlarsen2022,
  title = "Herkomst blandt 0 – 16-årige bosat i Danmark: Stigende etnisk diversitet og koncentration fra 1985 til 2019",
  author = "Larsen, {Jeppe Fjeldgaard} and Larsen, {Christian Albrekt}",
  year = "2022",
  language = "Dansk",
  pages = "47--68",
  journal = "Metode & Forskningsdesign",
  issn = "2045-3083",
  publisher = "Aalborg Universitetsforlag",
  number = "4"
}

@article{leszczensky2015,
  title={Ethnic segregation of friendship networks in school: Testing a rational-choice argument of differences in ethnic homophily between classroom- and grade-level networks},
  author={Leszczensky, L. and Pink, S.},
  journal={Social Networks},
  volume={42},
  pages={18--26},
  year={2015},
  doi={10.1016/j.socnet.2015.02.002}
}

@article{leszczensky2019,
  author = {Leszczensky, L. and Pink, S.},
  title = {What drives ethnic homophily? A relational approach on how ethnic identification moderates preferences for same-ethnic friends},
  journal = {American Sociological Review},
  volume = {84},
  number = {3},
  pages = {394--419},
  year = {2019}
}

@book{massey1994,
  title={American apartheid: Segregation and the making of the underclass},
  author={Massey, D. S. and Denton, N. A.},
  year={1994},
  publisher={Harvard University Press}
}

@article{massey1988,
  title = {The Dimensions of Residential Segregation},
  volume = {67},
  ISSN = {0037-7732},
  url = {http://dx.doi.org/10.2307/2579183},
  DOI = {10.2307/2579183},
  number = {2},
  journal = {Social Forces},
  publisher = {Oxford University Press (OUP)},
  author = {Massey, D. S. and Denton, N. A.},
  year = {1988},
  month = dec,
  pages = {281}
}

@article{mancini2018,
  author = {Mancini, T. and Caricati, L. and Marletta, G.},
  title = {Does contact at work extend its influence beyond prejudice? Evidence from healthcare settings},
  journal = {The Journal of Social Psychology},
  volume = {158},
  number = {2},
  pages = {173--186},
  year = {2018}
}

@book{mendez2013,
  author = {Méndez, M. and Font, J.},
  title = {Surveying ethnic minorities and immigrant populations: Methodological challenges and research strategies},
  year = {2013},
  publisher = {Amsterdam University Press},
  address = {Amsterdam}
}

@article{mcpherson2001,
  title={Birds of a Feather: Homophily in Social Networks},
  author={McPherson, M. and Smith-Lovin, L. and Cook, J. M.},
  journal={Annual Review of Sociology},
  volume={27},
  number={1},
  pages={415--444},
  year={2001},
  doi={10.1146/annurev.soc.27.1.415}
}

@article{mutz2006,
  author = {Mutz, D. C. and Mondak, J. J.},
  title = {The workplace as a context for cross-cutting political discourse},
  journal = {The Journal of Politics},
  volume = {68},
  number = {1},
  pages = {140--155},
  year = {2006}
}

@book{tajfel1981,
  author = {Tajfel, H.},
  title = {Human groups and social categories: Studies in social psychology},
  year = {1981},
  publisher = {Cambridge University Press},
  address = {Cambridge}
}

@article{thomsen2012,
  author = {Frølund Thomsen, J. P.},
  title = {How does intergroup contact generate ethnic tolerance? The contact hypothesis in a Scandinavian context},
  journal = {Scandinavian Political Studies},
  volume = {35},
  number = {1},
  pages = {159--178},
  year = {2012}
}

@book{stouffer1949,
  author = {Stouffer, S.A. and Lumsdaine, A.A. and Lumsdaine, M.H. and Williams Jr, R.M. and Smith, M.B. and Janis, I.L. and Star, S.A. and Cottrell Jr, L.S.},
  title = {The American soldier: Combat and its aftermath},
  series = {Studies in social psychology in World War II, Vol. 2},
  year = {1949},
  publisher = {Princeton University Press},
  address = {Princeton}
}

@article{pagotto2010,
  author = {Pagotto, L. and Voci, A. and Maculan, V.},
  title = {The effectiveness of intergroup contact at work: Mediators and moderators of hospital workers' prejudice towards immigrants},
  journal = {Journal of Community \& Applied Social Psychology},
  volume = {20},
  number = {4},
  pages = {317--330},
  year = {2010}
}

@misc{privatskoleforening2021,
  title     = {Fordomme og fakta om privatskoler},
  author    = {Danmarks Privatskoleforening},
  year      = {2021},
  publisher = {Danmarks Privatskoleforening},
  address   = {Copenhagen, Denmark},
  isbn      = {978-87-988017-8-8}
}

@article{pettigrew1998,
  title={Reactions Toward the New Minorities of Western Europe},
  author={Pettigrew, T. F.},
  journal={Annual Review of Sociology},
  volume={24},
  number={1},
  pages={77--103},
  year={1998},
  doi={10.1146/annurev.soc.24.1.77}
}

@article{pettigrew2006,
  title={A meta-analytic test of intergroup contact theory},
  author={Pettigrew, T. F. and Tropp, L. R.},
  journal={Journal of Personality and Social Psychology},
  volume={90},
  number={5},
  pages={751--783},
  year={2006},
  doi={10.1037/0022-3514.90.5.751}
}

@article{rangvid2007,
  title={Living and Learning Separately? Ethnic Segregation of School Children in Copenhagen},
  author={Rangvid, B. S.},
  journal={Urban Studies},
  volume={44},
  number={7},
  pages={1329--1354},
  year={2007},
  doi={10.1080/00420980701302338}
}

@article{rangvid2010,
  title={School Choice, Universal Vouchers and Native Flight from Local Schools},
  author={Rangvid, B. S.},
  journal={European Sociological Review},
  volume={26},
  number={3},
  pages={319--335},
  year={2010},
  doi={10.1093/esr/jcp024}
}

@article{reardon2002,
  title = {Measures of Multigroup Segregation},
  volume = {32},
  ISSN = {1467-9531},
  url = {http://dx.doi.org/10.1111/1467-9531.00110},
  DOI = {10.1111/1467-9531.00110},
  number = {1},
  journal = {Sociological Methodology},
  publisher = {SAGE Publications},
  author = {Reardon,  Sean F. and Firebaugh,  Glenn},
  year = {2002},
  month = aug,
  pages = {33–67}
}

@article{rybak2006,
  author = {Rybak, A. and McAndrew, F. T.},
  title = {How do we Decide Whom our Friends are? Defining Levels of Friendship in Poland and the United States},
  journal = {The Journal of Social Psychology},
  volume = {146},
  number = {2},
  pages = {147--163},
  year = {2006},
  doi = {10.3200/SOCP.146.2.147-163}
}

@article{rydgren2013,
  author = {Rydgren, J. and Sofi, D. and Hällsten, M.},
  title = {Interethnic friendship, trust, and tolerance: Findings from two north Iraqi cities},
  journal = {American Journal of Sociology},
  volume = {118},
  number = {6},
  pages = {1650--1694},
  year = {2013}
}

@misc{rambøll2011,
  title={Evaluering af mere frit skolevalg (2.0)},
  author={Rambøll},
  year={2011}
}

@misc{zetland2018,
  title={Fordel danske skolebørn efter en algoritme, siger en forsker. Ellers får vi aldrig lighed i skolerne},
  author={Zetland},
  year={2018},
  howpublished={\url{https://www.zetland.dk/historie/soBPENgk-aO9kVR61-0df45}}
}

@article{tropp2005,
  title={Relationships Between Intergroup Contact and Prejudice Among Minority and Majority Status Groups},
  author={Tropp, L. R. and Pettigrew, T. F.},
  journal={Psychological Science},
  volume={16},
  number={12},
  pages={951--957},
  year={2005},
  doi={10.1111/j.1467-9280.2005.01643.x}
}

@incollection{tubergen2018,
  author = {Van Tubergen, F. and Smith, S.},
  title = {Making friends across ethnic boundaries: are personal networks of adolescents diverse?},
  booktitle = {Growing up in diverse societies},
  volume = {215},
  pages = {176--200},
  year = {2018}
}

@book{vertelyte2019,
  author = {Vertelyte, M.},
  title = {Not so Ordinary Friendship: An Ethnography of Student Friendships in A Racially Diverse Danish Classroom},
  year = {2019}
}

@article{vassou2017,
  author = {Vassou, C. and Zopiatis, A. and Theocharous, A. L.},
  title = {Intercultural workplace relationships in the hospitality industry: Beyond the tip of the iceberg},
  journal = {International Journal of Hospitality Management},
  volume = {61},
  pages = {14--25},
  year = {2017}
}

@article{zoloth1976,
  title = {Alternative Measures of School Segregation},
  volume = {52},
  ISSN = {0023-7639},
  url = {http://dx.doi.org/10.2307/3145527},
  DOI = {10.2307/3145527},
  number = {3},
  journal = {Land Economics},
  publisher = {University of Wisconsin Press},
  author = {Zoloth,  Barbara S.},
  year = {1976},
  month = aug,
  pages = {278}
}

@article{qvistqvist2023,
  author = {Qvist, H.-P. Y. and Qvist, J. Y.},
  title = {Interethnic Union Formation Among 1.5- and Second-Generation Immigrants: The Role of Cultural Proximity},
  journal = {International Migration Review},
  volume = {0},
  number = {0},
  year = {2023},
  doi = {10.1177/01979183231177969},
  url = {https://doi.org/10.1177/01979183231177969}
}

@article{åslund2010,
  author = {Åslund, O. and Skans, O. N.},
  title = {Will I see you at work? Ethnic workplace segregation in Sweden, 1985--2002},
  journal = {ILR Review},
  volume = {63},
  number = {3},
  pages = {471--493},
  year = {2010}
}

@article{zhao2023,
  author = {Zhao, L.},
  title = {Networks in the making: Friendship segregation and ethnic homophily},
  journal = {Social Science Research},
  volume = {110},
  pages = {102813},
  year = {2023}
}

@book{oim2019,
  author = {{Økonomi og Indenrigsministeret}},
  title = {Redegørelse om parallelsamfund},
  year = {2019},
  publisher = {{Økonomi og Indenrigsministeret}}
}

@misc{nielsen2024,
  author = {Nielsen, L. and Breidahl, K. and Hedegaard, T. F.},
  title = {Public misperceptions about immigrant integration: More than just motivated reasoning?},
  year = {under udgivelse}
}

@book{skaksen2024,
  author = {Skaksen, J.R. and Jensen, B.},
  title = {Hvad vi ved om indvandring og integration. Forløbet fra 1980’erne til i dag},
  year = {2024},
  publisher = {Gyldendal},
  address = {København}
}

@misc{ministeriet2011,
  author = {Ministeriet for flygtninge, indvandrere og integration},
  title = {Medborgerskab i Danmark. Regeringens arbejdsgruppe for bedre integration},
  year = {2011},
  publisher = {Ministeriet for flygtninge, indvandrere og integration}
}

@article{singh2016,
  author = {Singh, P. and Vom Hau, M.},
  title = {Ethnicity in time: Politics, history, and the relationship between ethnic diversity and public goods provision},
  journal = {Comparative Political Studies},
  volume = {49},
  number = {10},
  pages = {1303-1340},
  year = {2016}
}

@incollection{putnam2000,
  author = {Putnam, R. D.},
  title = {Bowling alone: America’s declining social capital},
  booktitle = {Culture and politics: A reader},
  pages = {223-234},
  publisher = {Palgrave Macmillan US},
  address = {New York},
  year = {2000}
}

@book{putnam1994,
  author = {Putnam, R. D. and Nanetti, R. Y. and Leonardi, R.},
  title = {Making democracy work: Civic traditions in modern Italy},
  year = {1994}
}

@article{enos2014,
  author = {Enos, R. D.},
  title = {Causal effect of intergroup contact on exclusionary attitudes},
  journal = {Proceedings of the National Academy of Sciences},
  volume = {111},
  number = {10},
  pages = {3699-3704},
  year = {2014}
}

@article{hangartner2019,
  author = {Hangartner, D. and Dinas, E. and Marbach, M. and Matakos, K. and Xefteris, D.},
  title = {Does exposure to the refugee crisis make natives more hostile?},
  journal = {American Political Science Review},
  volume = {113},
  number = {2},
  pages = {442-455},
  year = {2019}
}

@article{dinesen2015,
  author = {Dinesen, P. T. and Sønderskov, K. M.},
  title = {Ethnic diversity and social trust: Evidence from the micro-context},
  journal = {American Sociological Review},
  volume = {80},
  number = {3},
  pages = {550-573},
  year = {2015}
}

@article{finseraas2017,
  author = {Finseraas, H. and Kotsadam, A.},
  title = {Does personal contact with ethnic minorities affect anti‐immigrant sentiments? Evidence from a field experiment},
  journal = {European Journal of Political Research},
  volume = {56},
  number = {3},
  pages = {703-722},
  year = {2017}
}

@book{borberg2019,
  author = {Borberg, H. Z.},
  title = {Integration – her går det godt},
  year = {2019},
  publisher = {Djøef Forlag}
}

@article{simonsen2022,
  author = {Simonsen, K. B. and Bonikowski, B.},
  title = {Moralizing immigration: Political framing, moral conviction, and polarization in the United States and Denmark},
  journal = {Comparative Political Studies},
  volume = {55},
  number = {8},
  pages = {1403-1436},
  year = {2022}
}
